%______________________________________________
%                 GROUP 8 TT9L
% _____________________________________________

@article{Sarker2021,
author   = {Iqbal H. Sarker},
title    = {Data science and analytics: An overview from data-driven smart computing, decision-making, and applications perspective},
journal  = {Springer},
year     = {2021},
month    = {July},
url      = {https://doi.org/10.1007/s42979-021-00765-8},
doi      = {10.1007/s42979-021-00765-8}
}

@article{Nassar2021,
author   = {A. Nassar and M. Kamal},
title    = {Ethical Dilemmas in AI-Powered Decision-Making: A Deep Dive into Big Data-Driven Ethical Considerations},
journal  = {International Journal of Responsible Artificial Intelligence},
volume   = {11},
number   = {8},
pages    = {1--11},
year     = {2021},
url      = {https://neuralslate.com/index.php/Journal-of-Responsible-AI/article/view/43}
}

@article{Georgieva2022,
author   = {L. Georgieva and T. Timan and C. Lazo and A. F. van Veenstra},
title    = {From AI ethics principles to data science practice: A reflection and a gap analysis based on recent frameworks and practical experience},
journal  = {AI and Ethics},
volume   = {2},
number   = {10},
pages    = {1--15},
year     = {2022},
month    = {January},
url      = {https://doi.org/10.1007/s43681-021-00127-3},
doi      = {10.1007/s43681-021-00127-3}
}

@article{Hassani2023,
author   = {H. Hassani and E. S. Silva},
title    = {The role of ChatGPT in data science: How AI-assisted conversational interfaces are revolutionizing the field},
journal  = {Big Data Cognition and Computation},
volume   = {7},
number   = {2},
pages    = {62},
year     = {2023},
url      = {https://doi.org/10.3390/bdcc7020062},
doi      = {10.3390/bdcc7020062}
}

@article{Fatima2024,
author   = {M. Fatima and P. Pachauri and W. Akram and M. Parvez and S. Ahmad and Z. Yahya},
title    = {Enhancing retinal disease diagnosis through AI: Evaluating performance, ethical considerations, and clinical implementation},
journal  = {Informatics and Health},
volume   = {1},
number   = {2},
pages    = {57--69},
year     = {2024},
month    = {September},
url      = {https://doi.org/10.1016/j.infoh.2024.05.003},
doi      = {10.1016/j.infoh.2024.05.003}
}

@conference{Gujral2020,
  author    = {G. Gujral and J. S. and M. Muthiah},
  title     = {Artificial intelligence and data science for developing intelligent health informatics systems},
  booktitle = {National Conference on Artificial Intelligence in Health Informatics and Virtual Reality},
  year      = {2020},
  month     = {January},
  address   = {Mumbai},
  url       = {https://www.researchgate.net/publication/338375465}
}